% This file was created with JabRef 2.10.
% Encoding: ISO8859_1


@InBook{chen2013onthe,
  Title                    = {On the Wave Spectrum Selection in Ocean Wave Scene Simulation of the Maritime Simulator},
  Author                   = {Chen, Li-ning
and Jin, Yi-cheng
and Yin, Yong
and Ren, Hong-xiang},
  Editor                   = {Tan, Gary
and Yeo, Gee Kin
and Turner, Stephen John
and Teo, Yong Meng},
  Pages                    = {453--465},
  Publisher                = {Springer Berlin Heidelberg},
  Year                     = {2013},

  Address                  = {Berlin, Heidelberg},

  Booktitle                = {AsiaSim 2013: 13th International Conference on Systems Simulation, Singapore, November 6-8, 2013. Proceedings}
}

@InProceedings{frechot06realistic,
  Title                    = {Realistic simulation of ocean surface using wave spectra},
  Author                   = {Jocelyn Fréchot},
  Booktitle                = {Proceedings of the First
International Conference on Computer Graphics Theory and Applications (GRAPP 2006)},
  Year                     = {2006},

  Owner                    = {bsb},
  Timestamp                = {2019.06.06}
}

@Article{plant09ocean,
  Title                    = {The Ocean Wave Height Variance Spectrum: Wavenumber Peak versus Frequency Peak},
  Author                   = { William J. Plant },
  Journal                  = {Journal of Physical Oceanography},
  Year                     = {2009},
  Number                   = {9},
  Pages                    = {2382-2383},
  Volume                   = {39},

  Doi                      = {10.1175/2009JPO4268.1},
  Url                      = {https://doi.org/10.1175/2009JPO4268.1}
}

@InProceedings{tessendorf99simulating,
  Title                    = {Simulating ocean water},
  Author                   = {Jerry Tessendorf and Copyright C and Jerry Tessendorf},
  Year                     = {1999}
}

